<?xml version="1.0" encoding="UTF-8"?><collection xmlns="http://www.loc.gov/MARC21/slim"><record><leader>00620nam--2200193-i-4500</leader><controlfield tag="001">000046259</controlfield><controlfield tag="002">20161230</controlfield><controlfield tag="005">20170201132143</controlfield><controlfield tag="008">060222s1000------------r-----000-0-eng-d</controlfield><datafield ind1=" " ind2=" " tag="040"><subfield code="a">IFIN-HH</subfield></datafield><datafield ind1=" " ind2=" " tag="080"><subfield code="a">537.226.1+538.214:530.152.2</subfield></datafield><datafield ind1="1" ind2=" " tag="100"><subfield code="a">Vleck, J.H.Van</subfield></datafield><datafield ind1="1" ind2="0" tag="245"><subfield code="a">The theory of electric and magnetic susceptibilities</subfield><subfield code="c">J.h. Van Vleck</subfield></datafield><datafield ind1=" " ind2=" " tag="250"><subfield code="a">First Edition 1952, Reprinted Lithographically In Great Britain</subfield></datafield><datafield ind1=" " ind2=" " tag="260"><subfield code="a">Oxford</subfield><subfield code="b">University Press</subfield><subfield code="c">1952</subfield></datafield><datafield ind1=" " ind2=" " tag="300"><subfield code="a">XII+384P</subfield></datafield><datafield ind1=" " ind2=" " tag="490"><subfield code="a">The International Series Of Monographs On Physics</subfield></datafield><datafield ind1=" " ind2=" " tag="852"><subfield code="a">10122</subfield><subfield code="c">537:538</subfield></datafield><datafield ind1=" " ind2=" " tag="CAT"><subfield code="a">SYS</subfield><subfield code="c">20170201</subfield><subfield code="h">132143</subfield></datafield></record></collection>